@inproceedings{kochuserspace,
	title={Userspace I/O drivers in a realtime context},
	author={Koch, Hans J},
    year="2009",
    booktitle="Proceedings of the 11th Real-Time Linux Workshop",
    address={Dresden, Germany}
}

@phdthesis{macdonell,
  title={Shared-memory optimizations for virtual machines},
  author={Macdonell, A Cameron},
  year={2011},
  school={University of Alberta}
}

@electronic{nairobiembedded,
  author = {Siro Mugabi},
  title = {User I/O Device Driver, An Example with a QEMU Virtual Device},
  url = {http://nairobi-embedded.org/uio_example.html},
  urldate = {2016-10-05},
year="2015",
}


@electronic{modulelayout,
  author = {Rusty Russell},
  title = {[PATCH 4/4] module: clean up RO/NX handling},
  url = {https://patchwork.kernel.org/patch/7580471/},
  urldate = {2016-10-05},
year="2015",
}


@electronic{eneaUIO,
  author = {Mats Liljegren},
  title = {User-Space Device Drivers in Linux: A First Look},
  url = {http://www.enea.com/Embedded-hub/whitepapers/white-papers/User-Space-Device-Drivers-in-Linux1/},
  urldate = {2016-10-05},
year="2014",
}

@electronic{xilinxUIO,
  author = {John Linn},
  title = {Linux User Space Device Drivers},
  url = {http://blog.idv-tech.com/wp-content/uploads/2014/09/drivers-session3-uio-4public.pdf},
  urldate = {2016-10-05},
year="2014",
}

@mastersthesis{pester2014elk,
    author    = {Pester, Florian},
    title     = "ELK Herder Replicating Linux Processes with Virtual Machines",
    school    = "TU Dresden",
    type     = "diploma thesis",
    year      = "2014",
    
}

@article{intel2016devMan,
  title={Intel® 64 and IA-32 Architectures Software Developer’s Manual},
  author={Intel},
  journal={Combined Volumes:1, 2A, 2B, 2C, 2D, 3A, 3B, 3C and 3D},
  pages={4618},
  year={2016}
}

@electronic{kvmApiHelloWorld,
  author = {Josh Triplett},
  title = {Using the KVM API},
  url = {https://lwn.net/Articles/658511/},
  urldate = {2016-10-05},
year="2015",
}


@electronic{kvmApiDoc,
	author="Avi Kivity",
  title = {The Definitive KVM (Kernel-based Virtual Machine) API Documentation},
  url = {https://www.kernel.org/doc/Documentation/virtual/kvm/api.txt},
  urldate = {2016-10-05},
year="2016",
}

@inproceedings{Eschweiler2014TheArchitecture,
    title = {{The Portable Driver Architecture}},
    year = {2014},
    booktitle = {16th Real-Time Linux Workshop},
    author = {Eschweiler, Dominic and Lindenstruth, Volker},
    publisher = {Open Source Automation Development Lab (OSADL)},
    url = {http://compeng.uni-frankfurt.de/fileadmin/Images/pda/eschweiler{\_}lindenstruth{\_}pda{\_}rtlws.pdf},
    address = {Duesseldorf, Germany}
}

@electronic{crorcCard,
author="cerntech",
title="CRORC PCI Express Read-out Receiver Card",
urldate="2016-10-06",
url={http://www.cerntech.hu/products/5-crorc.html},
year={2016},
}

@inproceedings{Chou2001AnErrors,
    title = {{An Empirical Study of Operating Systems Errors}},
    year = {2001},
    booktitle = {roceedings of the Eighteenth ACM Symposium on Operating Systems Principles},
    author = {Chou, Andy and Yang, Junfeng and Chelf, Benjamin and Hallem, Seth and Engler, Dawson},
    pages = {73--88},
    publisher = {ACM},
    address = {Banff, Alberta, Canada},
    doi = {10.1145/502034.502042}
}


@electronic{userSpaceDriversTldp,
author="Johnson, Michael K.",
title="User-space device drivers",
urldate="2016-10-06",
url={http://www.tldp.org/LDP/khg/HyperNews/get/devices/fake.html},
year={1996},
}

@electronic{deviceDriverArchitectureLinux,
author="Petazzoni, Thomas",
title="Linux Kernel architecture for device drivers",
urldate="2016-10-06",
url={http://2010.rmll.info/IMG/pdf/kernel-device-drivers-rmll2010.pdf},
year={2010},
}

@electronic{platformDevicesAndDrivers,
	author="Mochel, Patrick",
  title = {Platform Devices and Drivers},
  url = {https://www.kernel.org/doc/Documentation/driver-model/platform.txt},
  urldate = {2016-10-05},
year="2003",
}


@electronic{seccomp12,
	author="Morris, James ",
  title = {SECure COMPuting with filters},
  url = {https://www.kernel.org/doc/Documentation/prctl/seccomp_filter.txt},
  urldate = {2016-10-05},
year="2012",
}

@electronic{capabilityInLinux26,
	author="corbet",
  title = {Capabilities in 2.6},
  url = {https://lwn.net/Articles/79185/},
  urldate = {2016-10-05},
year="2004",
}


@electronic{mTCP,
  title = {mTCP: A Highly Scalable User-level TCP Stack for Multicore Systems
},
  author="Jeong, EunYoung",
  url = {https://github.com/eunyoung14/mtcp},
  urldate = {2016-10-05},
year="2015",
}

@electronic{mirage-tcpip,
  title = {mirage-tcpip : TCP/IP networking stack in pure OCaml, using the Mirage platform libraries. Includes Ethernet, DHCP, ARP and TCP/IPv4 support},
  author="MirageOS",
  url = {https://github.com/mirage/mirage-tcpip},
  urldate = {2016-10-05},
year="2012",
}

@electronic{lwip,
  title = {lwIP (lightweight IP)},
  author="lwIP developers group",
  url = {http://git.savannah.gnu.org/cgit/lwip.git/},
  urldate = {2016-10-05},
year="2012",
}


@electronic{arrakis,
  title = {Arrakis},
  author="UW Networks Lab",
  url = {https://github.com/UWNetworksLab/arrakis},
  urldate = {2016-10-05},
year="2013",
}

@electronic{libuinet,
  title = {libuinet: a library version of FreeBSD's TCP/IP stack plus extras},
  author="Kelsey, Patrick",
  url = {https://github.com/pkelsey/libuinet},
  urldate = {2016-10-05},
year="2013",
}

@electronic{nuse,
  title = {nuse: Network Stack in Userspace},
  author="Network stack in USerspacE (github organisation)",
  url = {https://github.com/libos-nuse/net-next-nuse},
  urldate = {2016-10-05},
year="2005",
}

@electronic{OpenDP,
  title = {dpdk-ans: ANS(Accelerated Network Stack) on dpdk, TCP/IP stack for dpdk.},
  author="Accelerated Network Stack on DPDK (github organization)",
  url = {https://github.com/opendp/dpdk-ans},
  urldate = {2016-10-05},
year="2014",
}

@electronic{OpenOnload,
  title = {OpenOnload},
  author="Solarflare Communications",
  url = {http://openonload.org/},
  urldate = {2016-10-05},
  year="2013",
}

@electronic{osv,
  title = {OSv, a new operating system for the cloud. http://osv.io},
  author="Cloudius Systems (github organization)",
  url = {https://github.com/cloudius-systems/osv},
  urldate = {2016-10-05},
year="2012",
}

@inproceedings {186140,
author = {Simon Peter and Jialin Li and Irene Zhang and Dan R. K. Ports and Doug Woos and Arvind Krishnamurthy and Thomas Anderson and Timothy Roscoe},
title = {Arrakis: The Operating System is the Control Plane},
booktitle = {11th USENIX Symposium on Operating Systems Design and Implementation (OSDI 14)},
year = {2014},
month = Oct,
isbn = { 978-1-931971-16-4},
address = {Broomfield, CO},
pages = {1--16},
url = {https://www.usenix.org/conference/osdi14/technical-sessions/presentation/peter},
publisher = {USENIX Association},
}

@electronic{lwnNamepsaces2013,
  title = {Namespaces in operation},
  author="Michael Kerrisk",
  url = {https://lwn.net/Articles/531114/},
  urldate = {2016-10-05},
year="2013",
}

