@article{Mirashe2010CloudComputing,
    title = {{Cloud Computing}},
    year = {2010},
    journal = {Communications of the ACM},
    author = {Mirashe, Shivaji P and Kalyankar, N V},
    editor = {Antonopoulos, Nick and Gillam, Lee},
    chapter = {6},
    number = {7},
    pages = {9},
    series = {Informatik im Fokus},
    volume = {51},
    publisher = {ACM},
    url = {http://arxiv.org/abs/1003.4074},
    institution = {Universit{\{}{\"{a}}{\}}t Stuttgart, Fakult{\{}{\"{a}}{\}}t Informatik, Elektrotechnik und Informationstechnik, Germany},
    isbn = {1-58113-199-2},
    doi = {10.1145/358438.349303},
    issn = {03621340},
    pmid = {22988693},
    arxivId = {1003.4074}
}

@article{Armbrust2009AboveComputing,
    title = {{Above the clouds: A Berkeley view of cloud computing}},
    year = {2009},
    journal = {  University of California, Berkeley, Tech. Rep. UCB },
    author = {Armbrust, M and Fox, A and Griffith, R and Joseph, AD and {RH}},
    pages = {07--013},
    url = {http://scholar.google.com/scholar?q=intitle:Above+the+clouds:+A+Berkeley+view+of+cloud+computing{\#}0},
    issn = {00010782},
    pmid = {11242594},
    arxivId = {0521865719 9780521865715},
    keywords = {cloud computing, distributed system economics, internet datacenters, utility computing}
}

@article{Andrus2011Cells,
    title = {{Cells}},
    year = {2011},
    journal = {Proceedings of the Twenty-Third ACM Symposium on Operating Systems Principles - SOSP '11},
    author = {Andrus, Jeremy and Dall, Christoffer and Hof, Alexander Van't and Laadan, Oren and Nieh, Jason},
    pages = {173},
    url = {http://dl.acm.org/citation.cfm?doid=2043556.2043574},
    isbn = {9781450309776},
    doi = {10.1145/2043556.2043574},
    keywords = {android, smartphones, virtualization}
}

@article{Hwang2013Mortar,
    title = {{Mortar}},
    year = {2013},
    journal = {Proceedings of the 4th annual Symposium on Cloud Computing - SOCC '13},
    author = {Hwang, Jinho and Uppal, Ahsen J. and Wood, Timothy and Huang, H. Howie},
    pages = {1--2},
    url = {http://dl.acm.org/citation.cfm?doid=2523616.2525937},
    isbn = {9781450324281},
    doi = {10.1145/2523616.2525937},
    keywords = {58 servers, and the histogram on, cached, disk prefetching, figure 1, left, mem-, memory management, memory on a set, of five hosts, the amount of free, varying over time, virtualization}
}

@article{Rizzo2013SpeedingMachines,
    title = {{Speeding Up Packet I / O in Virtual Machines}},
    year = {2013},
    author = {Rizzo, Luigi and Pisa, Università and Lettieri, Giuseppe},
    pages = {47--58},
    isbn = {9781479916405},
    keywords = {netmap, software switches, virtual machines}
}

@article{Rizzo2012NetMap:O,
    title = {{NetMap: A novel framework for fast packet I/ O}},
    year = {2012},
    journal = {Usenix'12},
    author = {Rizzo, Luigi},
    number = {257422},
    pages = {101--112},
    url = {https://www.usenix.org/conference/usenixfederatedconferencesweek/netmap-novel-framework-fast-packet-io},
    isbn = {978-931971-93-5}
}

@article{2Machines,
    title = {{2 Background I / O Device Access in Virtual Machines}}
}

@article{Vu2014VirtualizationPlatform,
    title = {{Virtualization Support for FPGA-based Coprocessors Connected via PCI Express to an Intel Multicore Platform}},
    year = {2014},
    author = {Vu, Duy Viet and Sandmann, Timo and Baehr, Steffen and Sander, Oliver and Becker, Juergen},
    isbn = {9781479941162},
    doi = {10.1109/IPDPSW.2014.42},
    keywords = {-virtualization}
}

@article{Figuli2011AFusion,
    title = {{A heterogeneous SoC Architecture with embedded virtual FPGA Cores and runtime Core Fusion}},
    year = {2011},
    author = {Figuli, Peter and H{\"{u}}bner, Michael and Girardey, Romuald and Bapp, Falco and Bruckschl{\"{o}}gl, Thomas and Thoma, Florian and Henkel, Jörg and Becker, Jürgen},
    pages = {96--103},
    isbn = {9781457705991},
    keywords = {actel does not provide, dynamic and partial reconfiguration, e, fpga, fpgas, g, heterogeneous co-design platform, reconfiguration which is not, supported by all fpgas, this feature with their, virtualization}
}

@inproceedings{Eschweiler2014TheArchitecture,
    title = {{The Portable Driver Architecture}},
    year = {2014},
    booktitle = {16th Real-Time Linux Workshop},
    author = {Eschweiler, Dominic and Lindenstruth, Volker},
    publisher = {Open Source Automation Development Lab (OSADL)},
    url = {http://compeng.uni-frankfurt.de/fileadmin/Images/pda/eschweiler{\_}lindenstruth{\_}pda{\_}rtlws.pdf},
    address = {Duesseldorf, Germany}
}

@inproceedings{Chang2010KnowledgeManagement,
    title = {{Knowledge file system: A principled approach to personal information management}},
    year = {2010},
    booktitle = {Proceedings - IEEE International Conference on Data Mining, ICDM},
    author = {Chang, Kuiyu and Perdana, I. Wayan Tresna and Ramadhana, Bramandia and Sethuraman, Kailash and Le, Truc Viet and Chachra, Neha},
    isbn = {9780769542577},
    doi = {10.1109/ICDMW.2010.119},
    keywords = {Classification, Indexing, Personal information management, Search engine, Virtual file system}
}

@inproceedings{Song2014PerformanceDevices,
    title = {{Performance Improvement with Zero Copy Technique on FUSE-based Consumer Devices}},
    year = {2014},
    booktitle = {IEEE International Conference on Consumer Electronics (ICCE)},
    author = {Song, Junsup and Shin, Dongkun},
    pages = {434--435},
    url = {http://ieeexplore.ieee.org/document/6776074/},
    doi = {10.1109/ICCE.2014.6776074}
}

@article{PrashanthUnderstandingReport,
    title = {{Understanding the Design and Applications of Container based System Virtualization M.Tech Seminar Report}},
    author = {Prashanth, by and Kulkarni, Purushottam}
}

@article{TuADelivery,
    title = {{A Comprehensive Implementation and Evaluation of Direct Interrupt Delivery}},
    author = {Tu, Cheng-Chun and Ferdman, Michael and Lee, Chao-Tung and Chiueh, Tzi-Cker},
    doi = {10.1145/2731186.2731189},
    keywords = {Categories and Subject Descriptors C0 [General], Hard-ware/software interfaces Keywords SR-IOV, I/O Per-formance, I/O Virtualization, Interrupts}
}

@article{SwiftNooks:,
    title = {{Nooks: An Architecture for Reliable Device Drivers *}},
    author = {Swift, Michael M and Martin, Steven and Levy, Henry M and Eggers, Susan J}
}

@inproceedings{Chou2001AnErrors,
    title = {{An Empirical Study of Operating Systems Errors}},
    year = {2001},
    booktitle = {roceedings of the Eighteenth ACM Symposium on Operating Systems Principles},
    author = {Chou, Andy and Yang, Junfeng and Chelf, Benjamin and Hallem, Seth and Engler, Dawson},
    pages = {73--88},
    publisher = {ACM},
    address = {Banff, Alberta, Canada},
    doi = {10.1145/502034.502042}
}